@book{lamport1994latex,
  title={LaTeX: A Document Preparation System},
  author={Lamport, Leslie},
  year={1994},
  publisher={Addison-Wesley}
}

@misc{copilot,
	title={GitHub Copilot},
	author={GitHub},
	year={2023},
	howpublished={\url{https://copilot.github.com/}},
}

@book{Analog-CMOS,
	title={Design of Analog CMOS Integrated Circuits},
	author={Razavi, Behzad},
	year={2017},
	publisher={McGraw-Hill},
}

@book{NeamenSemiconductor,
    title={Semiconductor physics and devices basic principles},
    author={Neamen, Donald A},
    year={2012},
    publisher={McGraw-Hill},
}

@book{floyd2006digital,
    title={Digital Fundamentals},
    author={Floyd, Thomas L},
    year={2006},
    publisher={Pearson},
}

@book{CMOS-VLSI,
    title={CMOS VLSI Design: A Circuits and Systems Perspective},
    author={Weste, Neil H. E. and Harris, David Money},
    year={2011},
    publisher={Pearson},
}

@book{Modern-VLSI,
    title={Fundamentals of Modern VLSI Devices},
    author={Yuan Taur and Ning, Tak H},
    year={2022},
    publisher={Cambridge University Press},
}

@book{Modern-Semiconductor,
    title={Modern Semiconductor Devices for Integrated Circuits},
    author={Chenming Hu},
    year={2009},
    publisher={Pearson},
}

@misc{DigitalIC_lyx,
    title={Digital IC},
    author={liyuxuan3003},
    year={2023},
    howpublished={\url{https://github.com/liyuxuan3003/DigitalIC}},
}

@online{AIC_shuiyuan,
    title={模拟集成电路设计（AIC）学习攻略},
    author={MonarchSargor},
    year={2023},
    url={https://shuiyuan.sjtu.edu.cn/t/topic/127792},
}
